@incollection{Bengio+chapter2007,
  author    = {Bengio, Yoshua and LeCun, Yann},
  booktitle = {Large Scale Kernel Machines},
  publisher = {MIT Press},
  title     = {Scaling Learning Algorithms Towards {AI}},
  year      = {2007}
}

@article{Hinton06,
  author  = {Hinton, Geoffrey E. and Osindero, Simon and Teh, Yee Whye},
  journal = {Neural Computation},
  pages   = {1527--1554},
  title   = {A Fast Learning Algorithm for Deep Belief Nets},
  volume  = {18},
  year    = {2006}
}

@book{goodfellow2016deep,
  title     = {Deep learning},
  author    = {Goodfellow, Ian and Bengio, Yoshua and Courville, Aaron and Bengio, Yoshua},
  volume    = {1},
  year      = {2016},
  publisher = {MIT Press}
}

@article{ryali2023hiera,
  journal       = {ICML Oral},
  title         = {Hiera: A Hierarchical Vision Transformer without the Bells-and-Whistles},
  author        = {Chaitanya Ryali and Yuan-Ting Hu and Daniel Bolya and Chen Wei and Haoqi Fan and Po-Yao Huang and Vaibhav Aggarwal and Arkabandhu Chowdhury and Omid Poursaeed and Judy Hoffman and Jitendra Malik and Yanghao Li and Christoph Feichtenhofer},
  year          = {2023},
  eprint        = {2306.00989},
  archiveprefix = {arXiv},
  primaryclass  = {cs.CV},
  url           = {https://arxiv.org/abs/2306.00989}
}